@article{fraundorfer2010minimal,
  title={A minimal case solution to the calibrated relative pose problem for the case of two known orientation angles},
  author={Fraundorfer, Friedrich and Tanskanen, Petri and Pollefeys, Marc},
  journal={Computer Vision--ECCV 2010},
  pages={269--282},
  year={2010},
  publisher={Springer}
}

@book{hartley2000multiple,
  title={Multiple view geometry in computer vision},
  author={Hartley, Richard and Zisserman, Andrew},
  volume={2},
  year={2000},
  publisher={Cambridge Univ Press}
}

@article{kukelova2008automatic,
  title={Automatic generator of minimal problem solvers},
  author={Kukelova, Zuzana and Bujnak, Martin and Pajdla, Tomas},
  journal={Computer Vision--ECCV 2008},
  pages={302--315},
  year={2008},
  publisher={Springer}
}

@article{li2006simple,
  title={A simple solution to the six-point two-view focal-length problem},
  author={Li, Hongdong},
  journal={Computer Vision--ECCV 2006},
  pages={200--213},
  year={2006},
  publisher={Springer}
}

@article{nister2004efficient,
  title={An efficient solution to the five-point relative pose problem},
  author={Nist{\'e}r, David},
  journal={Pattern Analysis and Machine Intelligence, IEEE Transactions on},
  volume={26},
  number={6},
  pages={756--770},
  year={2004},
  publisher={IEEE}
}

@article{oliensis2000critique,
  title={A critique of structure-from-motion algorithms},
  author={Oliensis, John},
  journal={Computer Vision and Image Understanding},
  volume={80},
  number={2},
  pages={172--214},
  year={2000},
  publisher={Elsevier}
}

@article{powell1964efficient,
  title={An efficient method for finding the minimum of a function of several variables without calculating derivatives},
  author={Powell, Michael JD},
  journal={The computer journal},
  volume={7},
  number={2},
  pages={155--162},
  year={1964},
  publisher={Br Computer Soc}
}

@article{scaramuzza20111,
  title={1-point-ransac structure from motion for vehicle-mounted cameras by exploiting non-holonomic constraints},
  author={Scaramuzza, Davide},
  journal={International journal of computer vision},
  volume={95},
  number={1},
  pages={74--85},
  year={2011},
  publisher={Springer}
}

@article{shiu1989calibration,
  title={Calibration of wrist-mounted robotic sensors by solving homogeneous transform equations of the form< e1> AX</e1>=< e1> XB</e1>},
  author={Shiu, Yiu Cheung and Ahmad, Shaheen},
  journal={Robotics and Automation, IEEE Transactions on},
  volume={5},
  number={1},
  pages={16--29},
  year={1989},
  publisher={IEEE}
}

@article{stewenius2006recent,
  title={Recent developments on direct relative orientation},
  author={Stew{\'e}nius, H. and Engels, C. and Nist{\'e}r, D.},
  journal={ISPRS Journal of Photogrammetry and Remote Sensing},
  volume={60},
  number={4},
  pages={284--294},
  year={2006},
  publisher={Elsevier}
}

@article{stewenius2008minimal,
  title={A minimal solution for relative pose with unknown focal length},
  author={Stew{\'e}nius, Henrik and Nist{\'e}r, David and Kahl, Fredrik and Schaffalitzky, Frederik},
  journal={Image and Vision Computing},
  volume={26},
  number={7},
  pages={871--877},
  year={2008},
  publisher={Elsevier}
}

@inproceedings{tian1996comparison,
  title={Comparison of approaches to egomotion computation},
  author={Tian, Tina Y and Tomasi, Carlo and Heeger, David J},
  booktitle={Computer Vision and Pattern Recognition, 1996. Proceedings CVPR'96, 1996 IEEE Computer Society Conference on},
  pages={315--320},
  year={1996},
  organization={IEEE}
}

@article{tsai1989new,
  title={A new technique for fully autonomous and efficient 3D robotics hand/eye calibration},
  author={Tsai, Roger Y and Lenz, Reimar K},
  journal={Robotics and Automation, IEEE Transactions on},
  volume={5},
  number={3},
  pages={345--358},
  year={1989},
  publisher={IEEE}
}
